@online{UP,
    author = "sabricole.developpez.com",
    title = "UP : Unified Process",
    url  = "https://sabricole.developpez.com/uml/tutoriel/unifiedProcess/",
    addendum = "(accessed: 20.08.2021)",
}

@online{UML,
    author = "OpenClassRooms.com",
    title = "Débutez l'analyse logicielle avec UML",
    url  = "https://openclassrooms.com/fr/courses/2035826-debutez-lanalyse-logicielle-avec-uml/2035851-uml-c-est-quoi",
    addendum = "(accessed: 20.08.2021)",
}

@online{UML2,
    author = "Developpez.com",
    title = "UML 2 De l'apprentissage à la pratique",
    url  = "https://laurent-audibert.developpez.com/Cours-UML/?page=introduction-modelisation-objet",
    addendum = "(accessed: 20.08.2021)",
}

@online{UML3,
    author = "OpenClassRooms.com",
    title = "Débutez l'analyse logicielle avec UML",
    url  = "https://openclassrooms.com/fr/courses/2035826-debutez-lanalyse-logicielle-avec-uml/2094981-la-description-textuelle-d-un-cas-d-utilisation",
    addendum = "(accessed: 20.08.2021)",
}

@inbook{memoire,
    author = "CHERID, B. and BOUHOUI, H",
    title = "Conception et Réalisation d’une Application Android dédiée aux Étudiants de l’université de Béjaïa",
    year = "2015",
    chapter = "5",
    
}

@book{conallen2000concevoir,
  title={Concevoir des applications Web avec UML},
  author={Conallen, Jim},
  volume={1},
  year={2000},
  publisher={Eyrolles Paris, France}
}

@online{ide,
    author = "Supinfo.com",
    title = "Top 10 IDE pour les developpeurs PHP",
    url  = "https://www.supinfo.com/articles/single/6272-top-10-ide-developpeurs-php",
    addendum = "(accessed: 20.08.2021)",
}

@online{ide,
    author = "Wpblogx.com",
    title = "What is XAMPP? and How to Install XAMPP on Local Computer?",
    url  = "https://www.wpblogx.com/what-is-xampp/",
    addendum = "(accessed: 20.08.2021)",
}

@online{html,
    author = "developer.mozilla",
    title = "HTML (HyperText Markup Language)",
    url  = "https://developer.mozilla.org/fr/docs/Web/HTML",
    addendum = "(accessed: 20.08.2021)",
}

@online{css,
    author = "developer.mozilla",
    title = "CSS : Feuilles de style en cascade",
    url  = "https://developer.mozilla.org/fr/docs/Web/CSS",
    addendum = "(accessed: 20.08.2021)",
}

@online{js,
    author = "developer.mozilla",
    title = "À propos de JavaScript",
    url  = "https://developer.mozilla.org/fr/docs/Web/JavaScript/A_propos",
    addendum = "(accessed: 20.08.2021)",
}

@online{php,
    author = "techterms.com",
    title = "HP Definition",
    url  = "https://techterms.com/definition/php",
    addendum = "(accessed: 20.08.2021)",
}

@article{learningUML,
  title={Learning UML 2.0},
  author={Kim Hamilton, Russell Miles},
  journal={Publisher: O'Reilly, Pub Date: April},
  year={2006}
}

@book{unhelkar2017software,
  title={Software engineering with uml},
  author={Unhelkar, Bhuvan},
  year={2017},
  publisher={CRC Press}
}

@online{geeksforgeeks,
    author = "geeksforgeeks.org/",
    title = "Unified Modeling Language (UML) | An Introduction",
    url  = "https://www.geeksforgeeks.org/unified-modeling-language-uml-introduction/",
    addendum = "(accessed: 15.09.2021)",
}

@online{IBM,
    author = "ibm.com/",
    title = "An introduction to the Unified Modeling Language",
    url  = "https://developer.ibm.com/articles/an-introduction-to-uml/",
    addendum = "(accessed: 16.09.2021)",
}

@book{fowler2004uml,
  title={UML distilled: a brief guide to the standard object modeling language},
  author={Fowler, Martin},
  year={2004},
  publisher={Addison-Wesley Professional}
}

@online{scenari-community,
    author = "Stéphane Crozat",
    title = "Transformation de l'héritage en relationnel",
    url  = "https://stph.scenari-community.org/bdd/rel3.pdf",
    addendum = "(accessed: 26.09.2021)",
}
